%YAML 1.1
%TAG !u! tag:unity3d.com,2011:
--- !u!1 &51926829357114780
GameObject:
  m_ObjectHideFlags: 0
  m_CorrespondingSourceObject: {fileID: 0}
  m_PrefabInstance: {fileID: 0}
  m_PrefabAsset: {fileID: 0}
  serializedVersion: 6
  m_Component:
  - component: {fileID: 51161727232243566}
  - component: {fileID: 58208119234038192}
  - component: {fileID: 65936404765566040}
  - component: {fileID: 24955616660383224}
  m_Layer: 0
  m_Name: MT_Fence_IN
  m_TagString: Untagged
  m_Icon: {fileID: 0}
  m_NavMeshLayer: 0
  m_StaticEditorFlags: 0
  m_IsActive: 1
--- !u!4 &51161727232243566
Transform:
  m_ObjectHideFlags: 0
  m_CorrespondingSourceObject: {fileID: 0}
  m_PrefabInstance: {fileID: 0}
  m_PrefabAsset: {fileID: 0}
  m_GameObject: {fileID: 51926829357114780}
  m_LocalRotation: {x: -0, y: -0, z: -0, w: 1}
  m_LocalPosition: {x: 0, y: 0, z: 0}
  m_LocalScale: {x: 1, y: 1, z: 1}
  m_Children: []
  m_Father: {fileID: 51161723637448970}
  m_RootOrder: 0
  m_LocalEulerAnglesHint: {x: 0, y: 0, z: 0}
--- !u!33 &58208119234038192
MeshFilter:
  m_ObjectHideFlags: 0
  m_CorrespondingSourceObject: {fileID: 0}
  m_PrefabInstance: {fileID: 0}
  m_PrefabAsset: {fileID: 0}
  m_GameObject: {fileID: 51926829357114780}
  m_Mesh: {fileID: 4300002, guid: 68fe78ba8e28c477fbe16a33d3a5dee0, type: 3}
--- !u!23 &65936404765566040
MeshRenderer:
  m_ObjectHideFlags: 0
  m_CorrespondingSourceObject: {fileID: 0}
  m_PrefabInstance: {fileID: 0}
  m_PrefabAsset: {fileID: 0}
  m_GameObject: {fileID: 51926829357114780}
  m_Enabled: 1
  m_CastShadows: 1
  m_ReceiveShadows: 1
  m_DynamicOccludee: 1
  m_MotionVectors: 1
  m_LightProbeUsage: 1
  m_ReflectionProbeUsage: 1
  m_RayTracingMode: 2
  m_RenderingLayerMask: 1
  m_RendererPriority: 0
  m_Materials:
  - {fileID: 2100000, guid: 4d994bae9dede4f22aae23ab2e2026ff, type: 2}
  m_StaticBatchInfo:
    firstSubMesh: 0
    subMeshCount: 0
  m_StaticBatchRoot: {fileID: 0}
  m_ProbeAnchor: {fileID: 0}
  m_LightProbeVolumeOverride: {fileID: 0}
  m_ScaleInLightmap: 1
  m_ReceiveGI: 1
  m_PreserveUVs: 0
  m_IgnoreNormalsForChartDetection: 0
  m_ImportantGI: 0
  m_StitchLightmapSeams: 1
  m_SelectedEditorRenderState: 3
  m_MinimumChartSize: 4
  m_AutoUVMaxDistance: 0.5
  m_AutoUVMaxAngle: 89
  m_LightmapParameters: {fileID: 0}
  m_SortingLayerID: 0
  m_SortingLayer: 0
  m_SortingOrder: 0
--- !u!64 &24955616660383224
MeshCollider:
  m_ObjectHideFlags: 0
  m_CorrespondingSourceObject: {fileID: 0}
  m_PrefabInstance: {fileID: 0}
  m_PrefabAsset: {fileID: 0}
  m_GameObject: {fileID: 51926829357114780}
  m_Material: {fileID: 0}
  m_IsTrigger: 0
  m_Enabled: 1
  serializedVersion: 4
  m_Convex: 0
  m_CookingOptions: 30
  m_Mesh: {fileID: 4300002, guid: 68fe78ba8e28c477fbe16a33d3a5dee0, type: 3}
--- !u!1 &51926832252786080
GameObject:
  m_ObjectHideFlags: 0
  m_CorrespondingSourceObject: {fileID: 0}
  m_PrefabInstance: {fileID: 0}
  m_PrefabAsset: {fileID: 0}
  serializedVersion: 6
  m_Component:
  - component: {fileID: 51161726844905432}
  - component: {fileID: 58208120691467240}
  - component: {fileID: 65936405340597176}
  - component: {fileID: 24955648562423140}
  m_Layer: 0
  m_Name: MT_Fence_OUT
  m_TagString: Untagged
  m_Icon: {fileID: 0}
  m_NavMeshLayer: 0
  m_StaticEditorFlags: 0
  m_IsActive: 1
--- !u!4 &51161726844905432
Transform:
  m_ObjectHideFlags: 0
  m_CorrespondingSourceObject: {fileID: 0}
  m_PrefabInstance: {fileID: 0}
  m_PrefabAsset: {fileID: 0}
  m_GameObject: {fileID: 51926832252786080}
  m_LocalRotation: {x: -0, y: -0, z: -0, w: 1}
  m_LocalPosition: {x: 0, y: 0, z: 0}
  m_LocalScale: {x: 1, y: 1, z: 1}
  m_Children: []
  m_Father: {fileID: 51161723637448970}
  m_RootOrder: 1
  m_LocalEulerAnglesHint: {x: 0, y: 0, z: 0}
--- !u!33 &58208120691467240
MeshFilter:
  m_ObjectHideFlags: 0
  m_CorrespondingSourceObject: {fileID: 0}
  m_PrefabInstance: {fileID: 0}
  m_PrefabAsset: {fileID: 0}
  m_GameObject: {fileID: 51926832252786080}
  m_Mesh: {fileID: 4300000, guid: 68fe78ba8e28c477fbe16a33d3a5dee0, type: 3}
--- !u!23 &65936405340597176
MeshRenderer:
  m_ObjectHideFlags: 0
  m_CorrespondingSourceObject: {fileID: 0}
  m_PrefabInstance: {fileID: 0}
  m_PrefabAsset: {fileID: 0}
  m_GameObject: {fileID: 51926832252786080}
  m_Enabled: 1
  m_CastShadows: 1
  m_ReceiveShadows: 1
  m_DynamicOccludee: 1
  m_MotionVectors: 1
  m_LightProbeUsage: 1
  m_ReflectionProbeUsage: 1
  m_RayTracingMode: 2
  m_RenderingLayerMask: 1
  m_RendererPriority: 0
  m_Materials:
  - {fileID: 2100000, guid: 4d994bae9dede4f22aae23ab2e2026ff, type: 2}
  m_StaticBatchInfo:
    firstSubMesh: 0
    subMeshCount: 0
  m_StaticBatchRoot: {fileID: 0}
  m_ProbeAnchor: {fileID: 0}
  m_LightProbeVolumeOverride: {fileID: 0}
  m_ScaleInLightmap: 1
  m_ReceiveGI: 1
  m_PreserveUVs: 0
  m_IgnoreNormalsForChartDetection: 0
  m_ImportantGI: 0
  m_StitchLightmapSeams: 1
  m_SelectedEditorRenderState: 3
  m_MinimumChartSize: 4
  m_AutoUVMaxDistance: 0.5
  m_AutoUVMaxAngle: 89
  m_LightmapParameters: {fileID: 0}
  m_SortingLayerID: 0
  m_SortingLayer: 0
  m_SortingOrder: 0
--- !u!64 &24955648562423140
MeshCollider:
  m_ObjectHideFlags: 0
  m_CorrespondingSourceObject: {fileID: 0}
  m_PrefabInstance: {fileID: 0}
  m_PrefabAsset: {fileID: 0}
  m_GameObject: {fileID: 51926832252786080}
  m_Material: {fileID: 0}
  m_IsTrigger: 0
  m_Enabled: 1
  serializedVersion: 4
  m_Convex: 0
  m_CookingOptions: 30
  m_Mesh: {fileID: 4300000, guid: 68fe78ba8e28c477fbe16a33d3a5dee0, type: 3}
--- !u!1 &51926833134064606
GameObject:
  m_ObjectHideFlags: 0
  m_CorrespondingSourceObject: {fileID: 0}
  m_PrefabInstance: {fileID: 0}
  m_PrefabAsset: {fileID: 0}
  serializedVersion: 6
  m_Component:
  - component: {fileID: 51161723637448970}
  - component: {fileID: 58208120120031976}
  - component: {fileID: 65936406285731490}
  - component: {fileID: 24955617417544394}
  m_Layer: 0
  m_Name: RaceTrack
  m_TagString: Untagged
  m_Icon: {fileID: 0}
  m_NavMeshLayer: 0
  m_StaticEditorFlags: 0
  m_IsActive: 1
--- !u!4 &51161723637448970
Transform:
  m_ObjectHideFlags: 0
  m_CorrespondingSourceObject: {fileID: 0}
  m_PrefabInstance: {fileID: 0}
  m_PrefabAsset: {fileID: 0}
  m_GameObject: {fileID: 51926833134064606}
  m_LocalRotation: {x: 0, y: -1, z: 0, w: 0}
  m_LocalPosition: {x: 0, y: 0, z: 0}
  m_LocalScale: {x: 1, y: 1, z: 1}
  m_Children:
  - {fileID: 51161727232243566}
  - {fileID: 51161726844905432}
  - {fileID: 51161724694327089}
  - {fileID: 51161724750472104}
  - {fileID: 51161724668423914}
  - {fileID: 51161725327449420}
  - {fileID: 51161724143957163}
  - {fileID: 51161724845183838}
  - {fileID: 51161723850686804}
  - {fileID: 51161724305005091}
  - {fileID: 51161724239816811}
  m_Father: {fileID: 0}
  m_RootOrder: 0
  m_LocalEulerAnglesHint: {x: 0, y: -180, z: 0}
--- !u!33 &58208120120031976
MeshFilter:
  m_ObjectHideFlags: 0
  m_CorrespondingSourceObject: {fileID: 0}
  m_PrefabInstance: {fileID: 0}
  m_PrefabAsset: {fileID: 0}
  m_GameObject: {fileID: 51926833134064606}
  m_Mesh: {fileID: 4300004, guid: 89235a08fcef74a51b519966bc8ad097, type: 3}
--- !u!23 &65936406285731490
MeshRenderer:
  m_ObjectHideFlags: 0
  m_CorrespondingSourceObject: {fileID: 0}
  m_PrefabInstance: {fileID: 0}
  m_PrefabAsset: {fileID: 0}
  m_GameObject: {fileID: 51926833134064606}
  m_Enabled: 1
  m_CastShadows: 1
  m_ReceiveShadows: 1
  m_DynamicOccludee: 1
  m_MotionVectors: 1
  m_LightProbeUsage: 1
  m_ReflectionProbeUsage: 1
  m_RayTracingMode: 2
  m_RenderingLayerMask: 1
  m_RendererPriority: 0
  m_Materials:
  - {fileID: 2100000, guid: 0a069d340fbee4f90a1d3175ad5988b1, type: 2}
  - {fileID: 2100000, guid: 090433431fe2e498baeb07c77d923bc1, type: 2}
  m_StaticBatchInfo:
    firstSubMesh: 0
    subMeshCount: 0
  m_StaticBatchRoot: {fileID: 0}
  m_ProbeAnchor: {fileID: 0}
  m_LightProbeVolumeOverride: {fileID: 0}
  m_ScaleInLightmap: 1
  m_ReceiveGI: 1
  m_PreserveUVs: 0
  m_IgnoreNormalsForChartDetection: 0
  m_ImportantGI: 0
  m_StitchLightmapSeams: 1
  m_SelectedEditorRenderState: 3
  m_MinimumChartSize: 4
  m_AutoUVMaxDistance: 0.5
  m_AutoUVMaxAngle: 89
  m_LightmapParameters: {fileID: 0}
  m_SortingLayerID: 0
  m_SortingLayer: 0
  m_SortingOrder: 0
--- !u!64 &24955617417544394
MeshCollider:
  m_ObjectHideFlags: 0
  m_CorrespondingSourceObject: {fileID: 0}
  m_PrefabInstance: {fileID: 0}
  m_PrefabAsset: {fileID: 0}
  m_GameObject: {fileID: 51926833134064606}
  m_Material: {fileID: 0}
  m_IsTrigger: 0
  m_Enabled: 1
  serializedVersion: 4
  m_Convex: 0
  m_CookingOptions: 30
  m_Mesh: {fileID: 4300004, guid: 89235a08fcef74a51b519966bc8ad097, type: 3}
--- !u!1001 &52907039273887698
PrefabInstance:
  m_ObjectHideFlags: 0
  serializedVersion: 2
  m_Modification:
    m_TransformParent: {fileID: 51161723637448970}
    m_Modifications:
    - target: {fileID: 1000013244734444, guid: fe3154df87e2c402992c615a728b6d24, type: 3}
      propertyPath: m_Name
      value: MT_Turn (1)
      objectReference: {fileID: 0}
    - target: {fileID: 4000011675011384, guid: fe3154df87e2c402992c615a728b6d24, type: 3}
      propertyPath: m_LocalPosition.x
      value: 20.99
      objectReference: {fileID: 0}
    - target: {fileID: 4000011675011384, guid: fe3154df87e2c402992c615a728b6d24, type: 3}
      propertyPath: m_LocalPosition.y
      value: -0.029999971
      objectReference: {fileID: 0}
    - target: {fileID: 4000011675011384, guid: fe3154df87e2c402992c615a728b6d24, type: 3}
      propertyPath: m_LocalPosition.z
      value: 108.24
      objectReference: {fileID: 0}
    - target: {fileID: 4000011675011384, guid: fe3154df87e2c402992c615a728b6d24, type: 3}
      propertyPath: m_LocalRotation.x
      value: -0
      objectReference: {fileID: 0}
    - target: {fileID: 4000011675011384, guid: fe3154df87e2c402992c615a728b6d24, type: 3}
      propertyPath: m_LocalRotation.y
      value: 0.72134703
      objectReference: {fileID: 0}
    - target: {fileID: 4000011675011384, guid: fe3154df87e2c402992c615a728b6d24, type: 3}
      propertyPath: m_LocalRotation.z
      value: -0
      objectReference: {fileID: 0}
    - target: {fileID: 4000011675011384, guid: fe3154df87e2c402992c615a728b6d24, type: 3}
      propertyPath: m_LocalRotation.w
      value: 0.69257385
      objectReference: {fileID: 0}
    - target: {fileID: 4000011675011384, guid: fe3154df87e2c402992c615a728b6d24, type: 3}
      propertyPath: m_RootOrder
      value: 4
      objectReference: {fileID: 0}
    - target: {fileID: 4000011675011384, guid: fe3154df87e2c402992c615a728b6d24, type: 3}
      propertyPath: m_LocalEulerAnglesHint.x
      value: 0
      objectReference: {fileID: 0}
    - target: {fileID: 4000011675011384, guid: fe3154df87e2c402992c615a728b6d24, type: 3}
      propertyPath: m_LocalEulerAnglesHint.y
      value: -87.66801
      objectReference: {fileID: 0}
    - target: {fileID: 4000011675011384, guid: fe3154df87e2c402992c615a728b6d24, type: 3}
      propertyPath: m_LocalEulerAnglesHint.z
      value: 0
      objectReference: {fileID: 0}
    m_RemovedComponents: []
  m_SourcePrefab: {fileID: 100100000, guid: fe3154df87e2c402992c615a728b6d24, type: 3}
--- !u!4 &51161724668423914 stripped
Transform:
  m_CorrespondingSourceObject: {fileID: 4000011675011384, guid: fe3154df87e2c402992c615a728b6d24,
    type: 3}
  m_PrefabInstance: {fileID: 52907039273887698}
  m_PrefabAsset: {fileID: 0}
--- !u!1001 &52907039379058074
PrefabInstance:
  m_ObjectHideFlags: 0
  serializedVersion: 2
  m_Modification:
    m_TransformParent: {fileID: 51161723637448970}
    m_Modifications:
    - target: {fileID: 1000013632414188, guid: 002722443636f47cc9e92f08808bc16c, type: 3}
      propertyPath: m_Name
      value: MT_Road_01
      objectReference: {fileID: 0}
    - target: {fileID: 4000010693373134, guid: 002722443636f47cc9e92f08808bc16c, type: 3}
      propertyPath: m_LocalPosition.x
      value: 40.04
      objectReference: {fileID: 0}
    - target: {fileID: 4000010693373134, guid: 002722443636f47cc9e92f08808bc16c, type: 3}
      propertyPath: m_LocalPosition.y
      value: 0
      objectReference: {fileID: 0}
    - target: {fileID: 4000010693373134, guid: 002722443636f47cc9e92f08808bc16c, type: 3}
      propertyPath: m_LocalPosition.z
      value: -1.0401454
      objectReference: {fileID: 0}
    - target: {fileID: 4000010693373134, guid: 002722443636f47cc9e92f08808bc16c, type: 3}
      propertyPath: m_LocalRotation.x
      value: -0
      objectReference: {fileID: 0}
    - target: {fileID: 4000010693373134, guid: 002722443636f47cc9e92f08808bc16c, type: 3}
      propertyPath: m_LocalRotation.y
      value: 1
      objectReference: {fileID: 0}
    - target: {fileID: 4000010693373134, guid: 002722443636f47cc9e92f08808bc16c, type: 3}
      propertyPath: m_LocalRotation.z
      value: -0
      objectReference: {fileID: 0}
    - target: {fileID: 4000010693373134, guid: 002722443636f47cc9e92f08808bc16c, type: 3}
      propertyPath: m_LocalRotation.w
      value: 0
      objectReference: {fileID: 0}
    - target: {fileID: 4000010693373134, guid: 002722443636f47cc9e92f08808bc16c, type: 3}
      propertyPath: m_RootOrder
      value: 8
      objectReference: {fileID: 0}
    - target: {fileID: 4000010693373134, guid: 002722443636f47cc9e92f08808bc16c, type: 3}
      propertyPath: m_LocalEulerAnglesHint.x
      value: 0
      objectReference: {fileID: 0}
    - target: {fileID: 4000010693373134, guid: 002722443636f47cc9e92f08808bc16c, type: 3}
      propertyPath: m_LocalEulerAnglesHint.y
      value: 0
      objectReference: {fileID: 0}
    - target: {fileID: 4000010693373134, guid: 002722443636f47cc9e92f08808bc16c, type: 3}
      propertyPath: m_LocalEulerAnglesHint.z
      value: 0
      objectReference: {fileID: 0}
    m_RemovedComponents: []
  m_SourcePrefab: {fileID: 100100000, guid: 002722443636f47cc9e92f08808bc16c, type: 3}
--- !u!4 &51161723850686804 stripped
Transform:
  m_CorrespondingSourceObject: {fileID: 4000010693373134, guid: 002722443636f47cc9e92f08808bc16c,
    type: 3}
  m_PrefabInstance: {fileID: 52907039379058074}
  m_PrefabAsset: {fileID: 0}
--- !u!1001 &52907039830193901
PrefabInstance:
  m_ObjectHideFlags: 0
  serializedVersion: 2
  m_Modification:
    m_TransformParent: {fileID: 51161723637448970}
    m_Modifications:
    - target: {fileID: 1000013632414188, guid: 002722443636f47cc9e92f08808bc16c, type: 3}
      propertyPath: m_Name
      value: MT_Road_01 (5)
      objectReference: {fileID: 0}
    - target: {fileID: 4000010693373134, guid: 002722443636f47cc9e92f08808bc16c, type: 3}
      propertyPath: m_LocalPosition.x
      value: 0.24
      objectReference: {fileID: 0}
    - target: {fileID: 4000010693373134, guid: 002722443636f47cc9e92f08808bc16c, type: 3}
      propertyPath: m_LocalPosition.y
      value: 0
      objectReference: {fileID: 0}
    - target: {fileID: 4000010693373134, guid: 002722443636f47cc9e92f08808bc16c, type: 3}
      propertyPath: m_LocalPosition.z
      value: -0.14999962
      objectReference: {fileID: 0}
    - target: {fileID: 4000010693373134, guid: 002722443636f47cc9e92f08808bc16c, type: 3}
      propertyPath: m_LocalRotation.x
      value: -0
      objectReference: {fileID: 0}
    - target: {fileID: 4000010693373134, guid: 002722443636f47cc9e92f08808bc16c, type: 3}
      propertyPath: m_LocalRotation.y
      value: 1
      objectReference: {fileID: 0}
    - target: {fileID: 4000010693373134, guid: 002722443636f47cc9e92f08808bc16c, type: 3}
      propertyPath: m_LocalRotation.z
      value: -0
      objectReference: {fileID: 0}
    - target: {fileID: 4000010693373134, guid: 002722443636f47cc9e92f08808bc16c, type: 3}
      propertyPath: m_LocalRotation.w
      value: 0
      objectReference: {fileID: 0}
    - target: {fileID: 4000010693373134, guid: 002722443636f47cc9e92f08808bc16c, type: 3}
      propertyPath: m_RootOrder
      value: 9
      objectReference: {fileID: 0}
    - target: {fileID: 4000010693373134, guid: 002722443636f47cc9e92f08808bc16c, type: 3}
      propertyPath: m_LocalEulerAnglesHint.x
      value: 0
      objectReference: {fileID: 0}
    - target: {fileID: 4000010693373134, guid: 002722443636f47cc9e92f08808bc16c, type: 3}
      propertyPath: m_LocalEulerAnglesHint.y
      value: 0
      objectReference: {fileID: 0}
    - target: {fileID: 4000010693373134, guid: 002722443636f47cc9e92f08808bc16c, type: 3}
      propertyPath: m_LocalEulerAnglesHint.z
      value: 0
      objectReference: {fileID: 0}
    m_RemovedComponents: []
  m_SourcePrefab: {fileID: 100100000, guid: 002722443636f47cc9e92f08808bc16c, type: 3}
--- !u!4 &51161724305005091 stripped
Transform:
  m_CorrespondingSourceObject: {fileID: 4000010693373134, guid: 002722443636f47cc9e92f08808bc16c,
    type: 3}
  m_PrefabInstance: {fileID: 52907039830193901}
  m_PrefabAsset: {fileID: 0}
--- !u!1001 &52907040209344613
PrefabInstance:
  m_ObjectHideFlags: 0
  serializedVersion: 2
  m_Modification:
    m_TransformParent: {fileID: 51161723637448970}
    m_Modifications:
    - target: {fileID: 1000013632414188, guid: 002722443636f47cc9e92f08808bc16c, type: 3}
      propertyPath: m_Name
      value: MT_Road_01 (2)
      objectReference: {fileID: 0}
    - target: {fileID: 4000010693373134, guid: 002722443636f47cc9e92f08808bc16c, type: 3}
      propertyPath: m_LocalPosition.x
      value: 40.02
      objectReference: {fileID: 0}
    - target: {fileID: 4000010693373134, guid: 002722443636f47cc9e92f08808bc16c, type: 3}
      propertyPath: m_LocalPosition.y
      value: 0
      objectReference: {fileID: 0}
    - target: {fileID: 4000010693373134, guid: 002722443636f47cc9e92f08808bc16c, type: 3}
      propertyPath: m_LocalPosition.z
      value: 58.606308
      objectReference: {fileID: 0}
    - target: {fileID: 4000010693373134, guid: 002722443636f47cc9e92f08808bc16c, type: 3}
      propertyPath: m_LocalRotation.x
      value: -0
      objectReference: {fileID: 0}
    - target: {fileID: 4000010693373134, guid: 002722443636f47cc9e92f08808bc16c, type: 3}
      propertyPath: m_LocalRotation.y
      value: 1
      objectReference: {fileID: 0}
    - target: {fileID: 4000010693373134, guid: 002722443636f47cc9e92f08808bc16c, type: 3}
      propertyPath: m_LocalRotation.z
      value: -0
      objectReference: {fileID: 0}
    - target: {fileID: 4000010693373134, guid: 002722443636f47cc9e92f08808bc16c, type: 3}
      propertyPath: m_LocalRotation.w
      value: 0
      objectReference: {fileID: 0}
    - target: {fileID: 4000010693373134, guid: 002722443636f47cc9e92f08808bc16c, type: 3}
      propertyPath: m_RootOrder
      value: 6
      objectReference: {fileID: 0}
    - target: {fileID: 4000010693373134, guid: 002722443636f47cc9e92f08808bc16c, type: 3}
      propertyPath: m_LocalEulerAnglesHint.x
      value: 0
      objectReference: {fileID: 0}
    - target: {fileID: 4000010693373134, guid: 002722443636f47cc9e92f08808bc16c, type: 3}
      propertyPath: m_LocalEulerAnglesHint.y
      value: 0
      objectReference: {fileID: 0}
    - target: {fileID: 4000010693373134, guid: 002722443636f47cc9e92f08808bc16c, type: 3}
      propertyPath: m_LocalEulerAnglesHint.z
      value: 0
      objectReference: {fileID: 0}
    m_RemovedComponents: []
  m_SourcePrefab: {fileID: 100100000, guid: 002722443636f47cc9e92f08808bc16c, type: 3}
--- !u!4 &51161724143957163 stripped
Transform:
  m_CorrespondingSourceObject: {fileID: 4000010693373134, guid: 002722443636f47cc9e92f08808bc16c,
    type: 3}
  m_PrefabInstance: {fileID: 52907040209344613}
  m_PrefabAsset: {fileID: 0}
--- !u!1001 &52907040225465460
PrefabInstance:
  m_ObjectHideFlags: 0
  serializedVersion: 2
  m_Modification:
    m_TransformParent: {fileID: 51161723637448970}
    m_Modifications:
    - target: {fileID: 1000013244734444, guid: fe3154df87e2c402992c615a728b6d24, type: 3}
      propertyPath: m_Name
      value: MT_Turn
      objectReference: {fileID: 0}
    - target: {fileID: 4000011675011384, guid: fe3154df87e2c402992c615a728b6d24, type: 3}
      propertyPath: m_LocalPosition.x
      value: 40.14
      objectReference: {fileID: 0}
    - target: {fileID: 4000011675011384, guid: fe3154df87e2c402992c615a728b6d24, type: 3}
      propertyPath: m_LocalPosition.y
      value: 0
      objectReference: {fileID: 0}
    - target: {fileID: 4000011675011384, guid: fe3154df87e2c402992c615a728b6d24, type: 3}
      propertyPath: m_LocalPosition.z
      value: 88.211784
      objectReference: {fileID: 0}
    - target: {fileID: 4000011675011384, guid: fe3154df87e2c402992c615a728b6d24, type: 3}
      propertyPath: m_LocalRotation.x
      value: -0
      objectReference: {fileID: 0}
    - target: {fileID: 4000011675011384, guid: fe3154df87e2c402992c615a728b6d24, type: 3}
      propertyPath: m_LocalRotation.y
      value: 1
      objectReference: {fileID: 0}
    - target: {fileID: 4000011675011384, guid: fe3154df87e2c402992c615a728b6d24, type: 3}
      propertyPath: m_LocalRotation.z
      value: -0
      objectReference: {fileID: 0}
    - target: {fileID: 4000011675011384, guid: fe3154df87e2c402992c615a728b6d24, type: 3}
      propertyPath: m_LocalRotation.w
      value: 0
      objectReference: {fileID: 0}
    - target: {fileID: 4000011675011384, guid: fe3154df87e2c402992c615a728b6d24, type: 3}
      propertyPath: m_RootOrder
      value: 5
      objectReference: {fileID: 0}
    - target: {fileID: 4000011675011384, guid: fe3154df87e2c402992c615a728b6d24, type: 3}
      propertyPath: m_LocalEulerAnglesHint.x
      value: 0
      objectReference: {fileID: 0}
    - target: {fileID: 4000011675011384, guid: fe3154df87e2c402992c615a728b6d24, type: 3}
      propertyPath: m_LocalEulerAnglesHint.y
      value: 0
      objectReference: {fileID: 0}
    - target: {fileID: 4000011675011384, guid: fe3154df87e2c402992c615a728b6d24, type: 3}
      propertyPath: m_LocalEulerAnglesHint.z
      value: 0
      objectReference: {fileID: 0}
    m_RemovedComponents: []
  m_SourcePrefab: {fileID: 100100000, guid: fe3154df87e2c402992c615a728b6d24, type: 3}
--- !u!4 &51161725327449420 stripped
Transform:
  m_CorrespondingSourceObject: {fileID: 4000011675011384, guid: fe3154df87e2c402992c615a728b6d24,
    type: 3}
  m_PrefabInstance: {fileID: 52907040225465460}
  m_PrefabAsset: {fileID: 0}
--- !u!1001 &52907040364281744
PrefabInstance:
  m_ObjectHideFlags: 0
  serializedVersion: 2
  m_Modification:
    m_TransformParent: {fileID: 51161723637448970}
    m_Modifications:
    - target: {fileID: 1000013632414188, guid: 002722443636f47cc9e92f08808bc16c, type: 3}
      propertyPath: m_Name
      value: MT_Road_01 (1)
      objectReference: {fileID: 0}
    - target: {fileID: 4000010693373134, guid: 002722443636f47cc9e92f08808bc16c, type: 3}
      propertyPath: m_LocalPosition.x
      value: 40.03
      objectReference: {fileID: 0}
    - target: {fileID: 4000010693373134, guid: 002722443636f47cc9e92f08808bc16c, type: 3}
      propertyPath: m_LocalPosition.y
      value: 0
      objectReference: {fileID: 0}
    - target: {fileID: 4000010693373134, guid: 002722443636f47cc9e92f08808bc16c, type: 3}
      propertyPath: m_LocalPosition.z
      value: 28.85
      objectReference: {fileID: 0}
    - target: {fileID: 4000010693373134, guid: 002722443636f47cc9e92f08808bc16c, type: 3}
      propertyPath: m_LocalRotation.x
      value: -0
      objectReference: {fileID: 0}
    - target: {fileID: 4000010693373134, guid: 002722443636f47cc9e92f08808bc16c, type: 3}
      propertyPath: m_LocalRotation.y
      value: 1
      objectReference: {fileID: 0}
    - target: {fileID: 4000010693373134, guid: 002722443636f47cc9e92f08808bc16c, type: 3}
      propertyPath: m_LocalRotation.z
      value: -0
      objectReference: {fileID: 0}
    - target: {fileID: 4000010693373134, guid: 002722443636f47cc9e92f08808bc16c, type: 3}
      propertyPath: m_LocalRotation.w
      value: 0
      objectReference: {fileID: 0}
    - target: {fileID: 4000010693373134, guid: 002722443636f47cc9e92f08808bc16c, type: 3}
      propertyPath: m_RootOrder
      value: 7
      objectReference: {fileID: 0}
    - target: {fileID: 4000010693373134, guid: 002722443636f47cc9e92f08808bc16c, type: 3}
      propertyPath: m_LocalEulerAnglesHint.x
      value: 0
      objectReference: {fileID: 0}
    - target: {fileID: 4000010693373134, guid: 002722443636f47cc9e92f08808bc16c, type: 3}
      propertyPath: m_LocalEulerAnglesHint.y
      value: 0
      objectReference: {fileID: 0}
    - target: {fileID: 4000010693373134, guid: 002722443636f47cc9e92f08808bc16c, type: 3}
      propertyPath: m_LocalEulerAnglesHint.z
      value: 0
      objectReference: {fileID: 0}
    m_RemovedComponents: []
  m_SourcePrefab: {fileID: 100100000, guid: 002722443636f47cc9e92f08808bc16c, type: 3}
--- !u!4 &51161724845183838 stripped
Transform:
  m_CorrespondingSourceObject: {fileID: 4000010693373134, guid: 002722443636f47cc9e92f08808bc16c,
    type: 3}
  m_PrefabInstance: {fileID: 52907040364281744}
  m_PrefabAsset: {fileID: 0}
--- !u!1001 &52907040766002175
PrefabInstance:
  m_ObjectHideFlags: 0
  serializedVersion: 2
  m_Modification:
    m_TransformParent: {fileID: 51161723637448970}
    m_Modifications:
    - target: {fileID: 1000013632414188, guid: 002722443636f47cc9e92f08808bc16c, type: 3}
      propertyPath: m_Name
      value: MT_Road_01 (4)
      objectReference: {fileID: 0}
    - target: {fileID: 4000010693373134, guid: 002722443636f47cc9e92f08808bc16c, type: 3}
      propertyPath: m_LocalPosition.x
      value: 0.21
      objectReference: {fileID: 0}
    - target: {fileID: 4000010693373134, guid: 002722443636f47cc9e92f08808bc16c, type: 3}
      propertyPath: m_LocalPosition.y
      value: 0
      objectReference: {fileID: 0}
    - target: {fileID: 4000010693373134, guid: 002722443636f47cc9e92f08808bc16c, type: 3}
      propertyPath: m_LocalPosition.z
      value: 29.57
      objectReference: {fileID: 0}
    - target: {fileID: 4000010693373134, guid: 002722443636f47cc9e92f08808bc16c, type: 3}
      propertyPath: m_LocalRotation.x
      value: -0
      objectReference: {fileID: 0}
    - target: {fileID: 4000010693373134, guid: 002722443636f47cc9e92f08808bc16c, type: 3}
      propertyPath: m_LocalRotation.y
      value: 1
      objectReference: {fileID: 0}
    - target: {fileID: 4000010693373134, guid: 002722443636f47cc9e92f08808bc16c, type: 3}
      propertyPath: m_LocalRotation.z
      value: -0
      objectReference: {fileID: 0}
    - target: {fileID: 4000010693373134, guid: 002722443636f47cc9e92f08808bc16c, type: 3}
      propertyPath: m_LocalRotation.w
      value: 0
      objectReference: {fileID: 0}
    - target: {fileID: 4000010693373134, guid: 002722443636f47cc9e92f08808bc16c, type: 3}
      propertyPath: m_RootOrder
      value: 2
      objectReference: {fileID: 0}
    - target: {fileID: 4000010693373134, guid: 002722443636f47cc9e92f08808bc16c, type: 3}
      propertyPath: m_LocalEulerAnglesHint.x
      value: 0
      objectReference: {fileID: 0}
    - target: {fileID: 4000010693373134, guid: 002722443636f47cc9e92f08808bc16c, type: 3}
      propertyPath: m_LocalEulerAnglesHint.y
      value: 0
      objectReference: {fileID: 0}
    - target: {fileID: 4000010693373134, guid: 002722443636f47cc9e92f08808bc16c, type: 3}
      propertyPath: m_LocalEulerAnglesHint.z
      value: 0
      objectReference: {fileID: 0}
    m_RemovedComponents: []
  m_SourcePrefab: {fileID: 100100000, guid: 002722443636f47cc9e92f08808bc16c, type: 3}
--- !u!4 &51161724694327089 stripped
Transform:
  m_CorrespondingSourceObject: {fileID: 4000010693373134, guid: 002722443636f47cc9e92f08808bc16c,
    type: 3}
  m_PrefabInstance: {fileID: 52907040766002175}
  m_PrefabAsset: {fileID: 0}
--- !u!1001 &52907040810520422
PrefabInstance:
  m_ObjectHideFlags: 0
  serializedVersion: 2
  m_Modification:
    m_TransformParent: {fileID: 51161723637448970}
    m_Modifications:
    - target: {fileID: 1000013632414188, guid: 002722443636f47cc9e92f08808bc16c, type: 3}
      propertyPath: m_Name
      value: MT_Road_01 (3)
      objectReference: {fileID: 0}
    - target: {fileID: 4000010693373134, guid: 002722443636f47cc9e92f08808bc16c, type: 3}
      propertyPath: m_LocalPosition.x
      value: 0.21
      objectReference: {fileID: 0}
    - target: {fileID: 4000010693373134, guid: 002722443636f47cc9e92f08808bc16c, type: 3}
      propertyPath: m_LocalPosition.y
      value: 0
      objectReference: {fileID: 0}
    - target: {fileID: 4000010693373134, guid: 002722443636f47cc9e92f08808bc16c, type: 3}
      propertyPath: m_LocalPosition.z
      value: 59.39
      objectReference: {fileID: 0}
    - target: {fileID: 4000010693373134, guid: 002722443636f47cc9e92f08808bc16c, type: 3}
      propertyPath: m_LocalRotation.x
      value: -0
      objectReference: {fileID: 0}
    - target: {fileID: 4000010693373134, guid: 002722443636f47cc9e92f08808bc16c, type: 3}
      propertyPath: m_LocalRotation.y
      value: 1
      objectReference: {fileID: 0}
    - target: {fileID: 4000010693373134, guid: 002722443636f47cc9e92f08808bc16c, type: 3}
      propertyPath: m_LocalRotation.z
      value: -0
      objectReference: {fileID: 0}
    - target: {fileID: 4000010693373134, guid: 002722443636f47cc9e92f08808bc16c, type: 3}
      propertyPath: m_LocalRotation.w
      value: 0
      objectReference: {fileID: 0}
    - target: {fileID: 4000010693373134, guid: 002722443636f47cc9e92f08808bc16c, type: 3}
      propertyPath: m_RootOrder
      value: 3
      objectReference: {fileID: 0}
    - target: {fileID: 4000010693373134, guid: 002722443636f47cc9e92f08808bc16c, type: 3}
      propertyPath: m_LocalEulerAnglesHint.x
      value: 0
      objectReference: {fileID: 0}
    - target: {fileID: 4000010693373134, guid: 002722443636f47cc9e92f08808bc16c, type: 3}
      propertyPath: m_LocalEulerAnglesHint.y
      value: 0
      objectReference: {fileID: 0}
    - target: {fileID: 4000010693373134, guid: 002722443636f47cc9e92f08808bc16c, type: 3}
      propertyPath: m_LocalEulerAnglesHint.z
      value: 0
      objectReference: {fileID: 0}
    m_RemovedComponents: []
  m_SourcePrefab: {fileID: 100100000, guid: 002722443636f47cc9e92f08808bc16c, type: 3}
--- !u!4 &51161724750472104 stripped
Transform:
  m_CorrespondingSourceObject: {fileID: 4000010693373134, guid: 002722443636f47cc9e92f08808bc16c,
    type: 3}
  m_PrefabInstance: {fileID: 52907040810520422}
  m_PrefabAsset: {fileID: 0}
--- !u!1001 &52907040944005459
PrefabInstance:
  m_ObjectHideFlags: 0
  serializedVersion: 2
  m_Modification:
    m_TransformParent: {fileID: 51161723637448970}
    m_Modifications:
    - target: {fileID: 1000013244734444, guid: fe3154df87e2c402992c615a728b6d24, type: 3}
      propertyPath: m_Name
      value: MT_Turn (3)
      objectReference: {fileID: 0}
    - target: {fileID: 4000011675011384, guid: fe3154df87e2c402992c615a728b6d24, type: 3}
      propertyPath: m_LocalPosition.x
      value: 20.02
      objectReference: {fileID: 0}
    - target: {fileID: 4000011675011384, guid: fe3154df87e2c402992c615a728b6d24, type: 3}
      propertyPath: m_LocalPosition.y
      value: 0
      objectReference: {fileID: 0}
    - target: {fileID: 4000011675011384, guid: fe3154df87e2c402992c615a728b6d24, type: 3}
      propertyPath: m_LocalPosition.z
      value: -19.92
      objectReference: {fileID: 0}
    - target: {fileID: 4000011675011384, guid: fe3154df87e2c402992c615a728b6d24, type: 3}
      propertyPath: m_LocalRotation.x
      value: -0
      objectReference: {fileID: 0}
    - target: {fileID: 4000011675011384, guid: fe3154df87e2c402992c615a728b6d24, type: 3}
      propertyPath: m_LocalRotation.y
      value: -0.7071068
      objectReference: {fileID: 0}
    - target: {fileID: 4000011675011384, guid: fe3154df87e2c402992c615a728b6d24, type: 3}
      propertyPath: m_LocalRotation.z
      value: 0
      objectReference: {fileID: 0}
    - target: {fileID: 4000011675011384, guid: fe3154df87e2c402992c615a728b6d24, type: 3}
      propertyPath: m_LocalRotation.w
      value: 0.7071068
      objectReference: {fileID: 0}
    - target: {fileID: 4000011675011384, guid: fe3154df87e2c402992c615a728b6d24, type: 3}
      propertyPath: m_RootOrder
      value: 10
      objectReference: {fileID: 0}
    - target: {fileID: 4000011675011384, guid: fe3154df87e2c402992c615a728b6d24, type: 3}
      propertyPath: m_LocalEulerAnglesHint.x
      value: 0
      objectReference: {fileID: 0}
    - target: {fileID: 4000011675011384, guid: fe3154df87e2c402992c615a728b6d24, type: 3}
      propertyPath: m_LocalEulerAnglesHint.y
      value: -270
      objectReference: {fileID: 0}
    - target: {fileID: 4000011675011384, guid: fe3154df87e2c402992c615a728b6d24, type: 3}
      propertyPath: m_LocalEulerAnglesHint.z
      value: 0
      objectReference: {fileID: 0}
    m_RemovedComponents: []
  m_SourcePrefab: {fileID: 100100000, guid: fe3154df87e2c402992c615a728b6d24, type: 3}
--- !u!4 &51161724239816811 stripped
Transform:
  m_CorrespondingSourceObject: {fileID: 4000011675011384, guid: fe3154df87e2c402992c615a728b6d24,
    type: 3}
  m_PrefabInstance: {fileID: 52907040944005459}
  m_PrefabAsset: {fileID: 0}
